@string{POT = {Proceedings of the }}

@article{base,
  author = {Pritchett, Dan},
  title = {BASE: An Acid Alternative},
  journal = {Queue},
  volume = {6},
  number = {3},
  year = {2008},
  issn = {1542-7730},
  pages = {48--55},
  doi = {http://doi.acm.org/10.1145/1394127.1394128},
  publisher = {ACM},
  address = {New York, NY, USA},
}

@misc{rubis,
  note="\url{http://rubis.ow2.org/index.html} as of Oct 2010"
}
@misc{mediawiki,
  note="\url{http://www.mediawiki.org/wiki/MediaWiki} as of Oct 2010"
}

@misc{voltdb,
	title="VoltDB",
  note="\url{http://voltdb.com}",
	year=2011,
}

@misc{mongodb,
	title="MongoDB",
	note="\url{http://www.mongodb.com}",
}

@misc{hbase,
	title="Hbase: Hadoop database",
	note="\url{http://hbase.apache.org}",
}

@misc{tpcw,
	title="T{P}{C}-{W}",
  note="\url{http://www.tpc.org/tpcw/default.asp} as of Oct 2010"
}

@book{Weikum,
  author = {Weikum, Gerhard and Vossen, Gottfried},
  title = {Transactional information systems: theory, algorithms, and the practice of concurrency control and recovery},
  year = {2001},
  isbn = {1-55860-508-8},
  publisher = {Morgan Kaufmann Publishers Inc.},
  address = {San Francisco, CA, USA},
}

@inproceedings{ebay:base,
	title="BASE: An Acid Alternative",
	author="Dan Pritchett",
	booktitle="ACM Queue",
	year=2008,
}

@inproceedings{ebay:architecture,
	title={{The eBay Architecture}},
	author="R. Shoup and D. Pritchett",
	booktitle="SD Forum",
	year=2006,
}

@inproceedings{flickr:partition,
	title="Federation at Flickr",
	author="D. V. Pattishall",
	booktitle="MySQL Conference",
	year=2007,
}

@misc{facebook:ucsd,
	title="High Performance at Massive Scale: Lessons learned at Facebook",
	author="Jeff Rothschild",
	note="\url{http://cns.ucsd.edu/lecturearchive09.shtml#Roth}",
}

@inproceedings{amazon:db,
	title="Life beyond Distributed Transactions (position paper)",
	author="Pat Helland",
	booktitle="3rd Biennial Conference on Innovative Database Systems Research (CIDR)",
	year=2007,
}

@misc{amazon:queue,
	title="Amazon Simple Queue Service",
	note="\url{http://aws.amazon.com/sqs}",
}

@inproceedings{megastore,
	author="Jason Baker and Chris Bond and James Corbett and JJ Furman and Andrey Khorlin and James Larson and Jean-Michel Leon and Yawei Li and Alexander Lloyd and Vadim Yushprakh",
	title="Megastore: Providing Scalable, Highly Available Storage for Interactive Services",
	booktitle="5th Conference on Innovative Data Systems Research (CIDR)",
	year=2011,
}

@article{franklin:concurrency,
	author="Michael Franklin",
	title="Concurrency Control and Recovery",
	journal="The Computer Science and Engineering Handbook",
	year=1997,
	pages="1058-1077",
}

@inproceedings{rubis:workload,
	author="C. Amza and A. Chanda and A. Cox and S. Elnikety and R. Gil and K. Rajamani and W. Zwaenepoel and E. Cecchet and J. Marguerite",
	title="Specification and implementation of dynamic web site benchmarks",
	booktitle="Workshop on Workload Characterization",
	year=2002,
}

@inproceedings{bigtable,
 longauthor = {Fay Chang and Jeffrey Dean and Sanjay Ghemawat and Wilson C. Hsieh and Deborah A. Wallach and Mike Burrows and Tushar Chandra and Andrew Fikes and Robert E. Gruber},
 author = "Fay Chang and others",
 title = {Bigtable: A Distributed Storage System for Structured Data},
 booktitle = {OSDI},
 year = 2006,
 month = nov, 
}

@inproceedings{dabek:osdi,
	author="Daniel Peng and Frank Dabek",
	title="Incremental Processing of Large Data Sets",
	booktitle="USENIX OSDI",
	year=2010,
}

@article{sinfonia,
    title="Sinfonia: A New Paradigm for Building Scalable Distributed Systems",
    author="Marcos K. Aguilera and Arif Merchant and Mehul Shah and Alistair Veitch and Christos Karamanolis",
    longjournal = "ACM Transactions on Computer Systems",
    journal = "TOCS",
    volume = 27,
    number = 3,
    month = nov,
    year = 2009,
    longpages = "5:1--5:48"
}

@inproceedings{pnuts,
	author="Brian F. Cooper and Raghu Ramakrishnan and Utkarsh Srivastava and Adam Silberstein and Philip Bohannon and Hans-Arno Jacobsen and Nick Puz and Daniel Weaver and Ramana Yerneni",
	title = "{PNUTS}: Yahoo!'s hosted data serving platform",
	booktitle={VLDB},
	pages="1277-1288",
	month=aug,
	year=2008,
}

@misc{simpledb,
	author="Amazon",
	title="SimpleDB: a highly available, scalable, and flexible non-relational data store",
	note="\url{http://aws.amazon.com/simpledb/}",
}

@inproceedings{hstore,
		author = {Michael Stonebraker and Samuel R. Madden and Daniel J. Abadi and Stavros Harizopoulos and Nabil Hachem and Pat Helland}, 
		title = {The End of an Architectural Era (It's Time for a Complete Rewrite)}, 
		booktitle = {VLDB}, 
		year = {2007}, 
} 

@inproceedings{hstore-cc, 
	title = "Low Overhead Concurrency Control for Partitioned Main Memory Databases", 
	year = "2010", 
	booktitle = "SIGMOD", 
	author = {Evan P. C. Jones and Daniel J. Abadi and Samuel Madden}, 
} 

@article{bubba,
	title="Prototyping Bubba, A highly Available Parallel Database System",
	author="H. Boral and W. Alexander	and L. Clay	and G. Copeland	and S. Danforth	and M. Franklin	and B. Hart	and M. Smith and P. Valduriez",
	journal="IEEE Transactions on Knowledge and Data Engineering",
	volume=2,
	issue=1,
	year=1990,
}

@article{gamma,
	author = {David Dewitt and Shahram Ghandeharizadeh and Donovan Schneider and Allan Bricker and Hui-i Hsiao and Rick Rasmussen},
	title = {The Gamma database machine project},
	journal = {IEEE Transactions on Knowledge and Data Engineering},
	year = {1990},
	volume = {2},
	pages = {44--62}
}

@article{r:2pcommit,
	title="Transaction Management in the R* Distributed Database Management System",
	journal="ACM Transactions on Database Systems",
	author="C. Mohan and B. Lindsay and R. Obermarck",
	volume=11,
	number=4,
	year=1986,
}

@article{dewitt:para,
	title="Parallel Database Systems: The Future of High Performance Database Processing",
	author="D. DeWitt and J. Gray",
	journal="Communications of the ACM",
	volume=36,
	number=6,
	year=1992,
}

@inproceedings{onesize,
	author="M. Stonebraker and U. Cetintemel",
	title="One size fits all: An idea whose time has come and gone.",
	booktitle="Proceedings of the 2005 International Conference on Data Engineering",
	year=2005,
}

@article{seltzer:beyonddb,
	author="Margo Seltzer",
	title="Beyond Relational Databases",
	journal="ACM Queue",
	year=2005,
}

@article{molina:semantic,
	author="Hector Garcia-Molina",
	title="Using Semantic Knowledge for Transaction Processing in a Distributed Database",
	journal="ACM Transactions on Database Systems",
	volume=8,
	number=2,
	year=1983,
}

@misc{postgres:repl,
	author="Robin Schumacher and Gary Carter",
	title="Comparing MySQL and Postgres 9.0 Replication",
	note="\url{http://www.theserverside.com/feature/Comparing-MySQL-and-Postgres-90-Replication}",
}

@book{gray:transbook,
  author = "Jim Gray and Andreas Reuter",
  title = "Transaction Processing: Concepts and Techniques",
  year = 1993,
  publisher = {Morgan Kaufmann Publishers Inc.},
  address = {San Francisco, USA},
}

@article{davies:soc,
	author="S.H. Davies",
	title="Data processing Spheres of Control",
	journal="IBM Systems Journal",
	volume=17,
	number=2,
	year=1978,
}

@misc{greenplum,
	title="Greenplum",
	note="\url{http://www.greenplum.com}",
}

@misc{vertica,
	title="Vertica Systems",
	note="\url{http://www.vertica.com}",
}

@misc{asterdata,
	title="Aster Data",
	note="\url{http://www.asterdata.com}",
}

@misc{paraccel,
	title="ParAccel Analytic Database",
	note="\url{http://www.paraccel.com}",
}

@inproceedings{mapreduce,
	author="Jeff Dean and Sanjay Ghemawat",
	title="MapReduce: Simplified Data Processing on Large Clusters",
	booktitle="Symposium on Operating System Design and Implementation (OSDI)",
	year=2004,
}

@inproceedings{dryad,
	author="Michael Isard and Mihai Budiu and Yuan Yu and Andrew Birrell and Dennis Fetterly",
	title="Dryad: Distributed Data-Parallel Programs from Sequential Building Blocks",
	booktitle="European Conference on Computer Systems (EuroSys)",
	year=2007,
}

@inproceedings{dryadlinq,
	author="Yuan Yu and Michael Isard and Dennis Fetterly and Mihai Budiu and Ulfar Erlingsson and Pradeep Kumar Gunda and Jon Currey",
	title="{DryadLINQ}: A System for General-Purpose Distributed Data-Parallel Computing Using a High-Level Language",
	booktitle="Symposium on Operating System Design and Implementation (OSDI)",
	year=2008,
}


